% !TeX encoding = UTF-8
% !TeX root = MAIN.tex

@Misc{key1,
	title       = {},
	author      = {},
	howpublished= {},
	month       = {},
	year        = {},
	note        = {},
}

@Book{key2,
	title       = {test},
	publisher   = {test2},
	year        = {2001},
	author      = {test J},
	address     = {Linz},
	edition     = {1},
}

@Booklet{key3,
	author      = {},
	title       = {},
	howpublished= {},
	month       = {},
	year        = {},
}

@online{key4,
	title       = {Contact potential matrix},
	date        = {2022-01-26},
	url         = {https://github.com/nikrats/mabio},
	urldate     = {2022-01-26},
}
@online{sse,
	title       = {Protein structure},
	date        = {2022-01-26},
	url         = {https://en.wikipedia.org/wiki/Protein_structure},
	urldate     = {2022-01-26},
}
@techreport{rfc7946,
    series =    {Request for Comments},
    number =    7946,
    howpublished =  {RFC 7946},
    publisher = {RFC Editor},
    doi =       {10.17487/RFC7946},
    url =       {https://www.rfc-editor.org/info/rfc7946},
    author =    {H. Butler and M. Daly and A. Doyle and Sean Gillies and T. Schaub and Stefan Hagen},
    title =     {{The GeoJSON Format}},
    pagetotal = 28,
    year =      2016,
    abstract =  {GeoJSON is a geospatial data interchange format based on JavaScript Object Notation (JSON). It defines several types of JSON objects and the manner in which they are combined to represent data about geographic features, their properties, and their spatial extents. GeoJSON uses a geographic coordinate reference system, World Geodetic System 1984, and units of decimal degrees.},
}
@techreport{bierman2014understanding,
  title={Understanding typescript},
  author={Bierman, Gavin and Abadi, Martin and Torgersen, Mads},
  booktitle={European Conference on Object-Oriented Programming},
  pages={257--281},
  year={2014},
  organization={Springer}
} 
@article{Alabdulaziz,
  title={COVID-19 and the use of digital technology in mathematics education},
  author={Alabdulaziz MS},
  journal={Educ Inf Technol},
  volume={26},
  number={6},
  pages={7609--7633},
  year={2021}
} 
@techreport{SabitzerCool,
author = {Sabitzer, Barbara and Pasterk, Stefan and Elsenbaumer, Sabrina},
title = {Informatics is COOL: Cooperative and Computer-Assisted Open Learning},
year = {2013},
publisher = {Association for Computing Machinery},
address = {New York, NY, USA},
booktitle = {Proceedings of the 8th Workshop in Primary and Secondary Computing Education},
pages = {91â€“94},
numpages = {4}
}
@techreport{SabitzerModeling,
  author={Sabitzer, Barbara and Pasterk, Stefan},
  booktitle={2015 IEEE Frontiers in Education Conference (FIE)}, 
  title={Modeling: A computer science concept for general education}, 
  year={2015},
  volume={},
  number={},
  pages={1-5}
}
@techreport{SabitzerCoolinfo,
  author={Sabitzer, Barbara and Pasterk, Stefan},
  booktitle={Proceedings of the European Conference on Technology in the Classroom}, 
  title={Cool informatics: A new approach to computer science and cross-curricular learning}, 
  year={2014},
  volume={},
  number={},
  pages={149-160}
}



@article{jain2014angularjs,
  title={AngularJS: A modern MVC framework in JavaScript},
  author={Jain, Nilesh and Bhansali, Ashok and Mehta, Deepak},
  journal={Journal of Global Research in Computer Science},
  volume={5},
  number={12},
  pages={17--23},
  year={2014}
} 
@electronic{d3js,
  added-at = {2012-11-08T12:33:57.000+0100},
  author = {Bostock, Mike},
  biburl = {https://www.bibsonomy.org/bibtex/24fdb2faa7a94a7248a7fb5725aaa5afa/maxirichter},
  interhash = {9e3b5ed5b36799e856b35165b06248af},
  intrahash = {4fdb2faa7a94a7248a7fb5725aaa5afa},
  keywords = {browser css3 data html5 javascript visualization web},
  timestamp = {2012-11-08T12:33:57.000+0100},
  title = {D3.js - Data-Driven Documents},
  url = {http://d3js.org/},
  year = 2012
}
@book{
	mossenbock,
	author = "Moessenboeck, H",
	title = "{Object-Oriented Programming in Oberon-2}",
	publisher = "Springer",
	year = "1995"
}

@online{Wilcoxon,
	title       = {Wilcoxon signed-rank test},
	date        = {2022-01-26},
	url         = {https://en.wikipedia.org/wiki/Wilcoxon_signed-rank_test},
	urldate     = {2022-01-26},
}
@article{
	Moult,
	author = "Kryshtafovych, A. and Schwede, T. and Topf, M. and Fidelis, K. and Moult, J.",
	title = "{Critical assessment of methods of protein structure prediction (CASP)-Round XIII}",
	journal = "Proteins, 87",
	pages = "1011--1020",
	year = "2019"
}

@article{
	Anfinsen,
	author = "Anfinsen, C. B.",
	title = "{Principles that govern the folding of protein chains}",
	journal = "Science 181",
	pages = "223--230",
	year = "1973"
}
 
@article{
	Crick,
	author = "Crick, F.",
	title = "{On protein synthesis}",
	journal = "Symp. Soc. Exp. Biology",
	pages = "138--163",
	year = "1958"
}

@article{
	Altschul,
	author = "Altschul, S. F. and Madden, T. L. and Schaffer, A. A. and Zhang, J. H. and Zhang, Z. and Miller, W.  and Lipman, D. J.",
	title = "{Gapped BLAST and PSI-BLAST: a new generation of protein database search programs}",
	journal = "Nucleic Acids Res 25",
	pages = "3389--3402",
	year = "1997"
}

@article{
	Leslie2002,
	author = "Leslie, C. and Eskin, E. and Noble, W. S.",
	title = "{The spectrum kernel: a string kernel for SVM protein classification}",
	journal = "Pacific Symposium on Biocomputing 7",
	pages = "566--575",
	year = "2002"
}

@article{
	Freddolino,
	author = "Freddolino, P. and Liu, F. and Gruebele, M. and Schulten, K.",
	title = "{Ten-microsecond MD simulation of a fast-folding WW domain.}",
	journal = "Biophysical Journal, 94",
	pages = "75--77",
	year = "2008"
}

@misc{Mathematica,
  author = {Wolfram Research},
  title = {Mathematica, {V}ersion 12.0.0},
  url = {https://www.wolfram.com/mathematica},
  note = {2020},
  year = {2020}
}

@misc{openstax,
  author = {openstax Inc.},
  title = {Biology, Proteins},
  url = {https://openstax.org/books/biology-2e/pages/3-4-proteins},
  note = {2020},
  year = {2020}
}
@article{
	AlphaFold,
	author = "Jumper, J. and Evans, R. and Pritzel, A.",
	title = "{Highly accurate protein structure prediction with AlphaFold.}",
	journal = "Nature 596",
	pages = "583--589",
	year = "2021"
}

@article{
	AlphaFold1,
	author = "Senior, W. and Evans, R. and Jumper, J. and Kirkpatrick, J. and Sifre, L. and Green, T. and Qin, C. and Zidek, A. and Nelson, A. and Bridgland, A. and Penedones, H. and Petersen, S. and Simonyan, K. and Crossan, S. and Kohli, P. and Jones, D. and Silver, D. and Kavukcuoglu, K. and Hassabis, D.",
	title = "{AlphaFold: Improved protein structure prediction using potentials from deep learning}",
	journal = "DeepMind, London (UK), The Francis Crick Institute (London), University College London(UK)",
	year = "2019"
}

@techreport{
	AlphaFold2,
	author = "Billings, W. and Hedelius, B. and Millecam, T. and Wingate, D. and Corte D.",
	title = "{ProSPr: Democratized Implementation of Alphafold Protein Distance Prediction Network}",
	institution = "Department of Physics and Astronomy, Brigham Young University, Utah and Department of Computer Science, Brigham Young University, Utah",
	year = "2019"
}

@article{
	Blast,
	author = "Altschul, S.F. and Gish, W. and Miller, W. and Myers, E.W. and Lipman, D. J.",
	title = "{A basic local alignment search tool}",
	journal = "Journal of Molcular Biology, 215",
	pages = "403--410",
	year = "1997"
}
@article{
	Baldi,
	author = "Baldi, P. and Chauvin, Y. and Hunkapiller, T. and McClure, M. A.",
	title = "{Hidden markov models of biological primary sequence information}",
	journal = "Proceedings of the National Academy of Sciences of the United States of America, 91",
	pages = "1059--1063",
	year = "1994"
}
@article{
	Brenner,
	author = "Brenner, S.E. and Koehl, P. and Levitt, M.",
	title = "{The ASTRAL compendium for sequence and structure analysis}",
	journal = "Nucleic Acids Research, 28",
	pages = "254--256",
	year = "2000"
}
@article{
	Ben-Hur,
	author = "Ben-Hur, A. and Brutlag, D.",
	title = "{Remote homology detection: a motif based approach}",
	journal = "Proceedings of the Eleventh International Conference of Intelligent Systems for Molecular Biology.",
	year = "2003"
}

@techreport{
	Bodenhofer,
	author = "Bodenhofer U.",
	title = "{A Perl Module for Reading and Preprocessing Data for Machine Learning Tasks}",
	institution = "University Linz, Institute for Bioinformatics",
	address = "Linz",
	year = "2007"
}
@techreport{
	Chih-Wei,
	author = "Hsu, C.W. and Chang, C.C. and Lin, C.N.",
	title = "{A Practical Guide to Support Vector Classification}",
	institution = "Department of Computer Science",
	address = "National Taiwan University, Taipei 106, Taiwan",
	year = "2002"
}
@article{
	Ezkurdia,
	author = "Ezkurdia, I. and Juan, D. and Rodriguez, J.M.",
	title = "{Multiple evidence strands suggest that there may be as few as 19,000 human protein-coding genes}",
	journal = "Hum Mol Genet. 23(22)",
	pages = "5866--5878",
	year = "2014"
}

@article{
	Gotoh,
	author = "Gotoh, O.",
	title = "{An improved algorithm for matching biological sequences}",
	journal = "J. Mol Biol., 162",
	pages = "705--708",
	year = "1982"
}

@techreport{
	Heusel,
	author = "Heusel, M. and Hochreiter, S.",
	title = "{Fast and Precise Remote Homology Detection}",
	institution = "University Linz, Institute for Bioinformatics",
	address = "4040 Linz, Austria",
	year = "2008"
}
@techreport{
	Hochreiter3,
	author = "Hochreiter, S.",
	title = "{Untersuchungen zu dynamischen neuronalen Netzen}",
	institution = "University Muenchen, Institut fuer Informatik",
	year = "1991"
}
@article{
	Hochreiter4,
	author = "Hochreiter, S. and Heusel, M. and Obermayer, K.",
	title = "{Fast model-based protein homology detection without alignment}",
	journal = "Bioinformatics, Volume 23, Issue 14, 15",
	pages = "1728--1736",
	year = "2007"
}
@article{
	Hochreiter,
	author = "Hochreiter, S. and Schmidhuber, J.",
	title = "{Long short-term memory}",
	journal = "Neural Computation, 9",
	pages = "1735--1780",
	year = "1997"
}
@techreport{
	Hochreiter2,
	author = "Hochreiter, S.",
	title = "{Bioinformatics 2, Theoretical Bioinformatics and Machine Learning}",
	institution = "University Linz, Institute for Bioinformatics",
	address = "Linz",
	year = "2007"
}

@techreport{
	Hochreiter1,
	author = "Hochreiter, S.",
	title = "{Bioinformatics 1, Theoretical Bioinformatics and Machine Learning}",
	institution = "University Linz, Institute for Bioinformatics",
	address = "Linz",
	year = "2007"
}
@article{
	Hou,
	author = "Hou, Y. and Hsu, W. and Lee, L. M. and Bystroff, C.",
	title = "{Efficient remote homology detection using local structure.}",
	journal = "Bioinformatics, 19",
	pages = "2294--2301",
	year = "2003"
}


@article{
	Jaakkola,
	author = "Jaakkola, T. and Diekhans, M. and Haussler D.",
	title = "{A discriminative framework for detecting remote protein homologies}",
	journal = "Journal of Computational Biology, 7 ",
	pages = "95--114",
	year = "2000"
}
@article{
	JaakkolaFischer,
	author = "Jaakkola, T. and Diekhans, M. and Haussler, D.",
	title = "{Using the fisher kernel method to detect remote protein homologies}",
	journal = "Proceedings. International Conference on Intelligent Systems for Molecular Biology",
	pages = "149--158",
	year = "1999"
}
@article{
	Kleinjung,
	author = "Kleinjung, J. and Romein, J. and Lin, K. and Heringa, J.",
	title = "{Contact-based sequence alignment}",
	journal = "Nucleic Acids Research, 32",
	pages = "2464--2473",
	year = "2004"
}
@article{
	Kuang,
	author = "Leslie, C. and Kuang, R.",
	title = "{Fast kernels for inexact string matching}",
	journal = "Sixteenth Annual Conference on Learning Theory and Seventh Kernel Workshop",
	pages = "114--128",
	year = "2003"
}
@article{
	Karplus,
	author = "Karplus, K. and Barrett, C. and Hughey, R.",
	title = "{Hidden markov models for detecting remote protein homologies}",
	journal = "Bioinformatics, 14",
	pages = "846--856",
	year = "1998"
}
@article{
	Krogh,
	author = "Krogh, A. and Brown, B. and Mian, I. and Sjolander, K. and Haussler, D.",
	title = "{Hidden markov models in computational biology: Applications to protein modeling}",
	journal = "Journal of Molecular Biology, 235",
	pages = "1501--1531",
	year = "1994"
}

@article{
	Leslie2003,
	author = "Leslie, C. and Eskin, E. and Noble, W.S.",
	title = "{Mismatch string kernels for SVM protein classification}",
	journal = "Advances in Neural Information Processing Systems 15",
	pages = "1441--1448",
	year = "2003"
}
@article{
	Leslie2004,
	author = "Leslie, C. and Eskin, E. and Noble, W.S.",
	title = "{Mismatch string kernels for discriminative protein classification}",
	journal = "Bioinformatics, 20",
	pages = "467--476",
	year = "2004"
}
@article{
	Li,
	author = "Li, S. and Chen, J. and Liu, B.",
	title = "{Protein remote homology detection based on bidirectional long short-term memory}",
	journal = "BMC Bioinformatics 18",
	pages = "443--232",
	year = "2017"
}

@article{
	Liao,
	author = "Liao, L. and Noble, W. S.",
	title = "{Combining pairwise sequence similarity and support vector machines for remote protein homology detection}",
	journal = "In Proceedings of the Sixth Annual International Conference on Research in Computational Molecular Biology, ACM Press",
	pages = "225--232",
	year = "2002"
}


@article{
	Miyazawa,
	author = "Miyazawa, S. and Jernigan, R.L.",
	title = "{Self-consistent estimation of inter-residue protein contact energies based on an equilibrium mixture approximation of residues}",
	journal = "Proteins 34",
	pages = "49--68",
	year = "1999"
}

@article{
	Murzin,
	author = "Murzin, A. G. and Brenner, S. E. and Hubbard, T. J. and Chothia, C.",
	title = "{SCOP: a structural classification of proteins database for the investigation of sequences and structures}",
	journal = "J. Mol. Biol. 247",
	pages = "536--540",
	year = "1995"
}

@article{
	Oehsen,
	author = "Ohsen, N. and Sommer, I. and Zimmer, R.",
	title = "{Profile-Profile Alignment: A powerful tool for protein structure prediction}",
	journal = "Pacific Symposium on Biocomputing",
	pages = "252--263",
	year = "2003"
}
@article{
	Rangwala,
	author = "Rangwala, H. and Karypis, G.",
	title = "{Profile-based direct kernels for remote homology detection and fold recognition}",
	journal = "Bioinformatics, Vol. 21 no. 23",
	pages = "4239--4247",
	year = "2005"
}
@article{Sippl,
author = "Sippl, M.",
title = "{Calculation of conformational ensembles from potentials of mena force: An approach to the knowledge-based prediction of local structures in globular proteins}",
journal = "Journal of Molecular Biology",
pages = "859-883",
year = "1990"
}
@article{
	Xu,
	author = "Xu, Y. and Xu, D.",
	title = "{Protein threading using PROSPECT: design and evaluation}",
	journal = "Proteins, 40(3)",
	pages = "343--354",
	year = "2000"
}

@book{
	Vapnik,
	author = "Vapnik, V.N.",
	title = "{Statistical Learning Theory}",
	publisher = "Statistical Learning Theory",
	address = "Berlin",
	year = "1998"
}
@book{
	Lesk,
	author = "Lesk, A.",
	title = "{Introduction to Protein Science: Architecture, Function, and Genomics}",
	publisher = "Oxford Press",
	year = "2016"
}
@book{
	Lesk2,
	author = "Lesk, A.",
	title = "{Introduction to Genomics}",
	publisher = "Oxford Press",
	year = "2007"
}

@book{
	Mitchell,
	author = "Mitchell, T.M.",
	title = "{Machine learning}",
	publisher = "McGraw-Hill",
	year = "1997"
}

@book{
	Cristianini,
	author = "Cristianini, N and Shawe, J",
	title = "{An Introduction to Support Vector Machines and Other Kernel-based Learning Methods}",
	publisher = " Cambridge University Press ",
	year = "2000"
}
